@book{breiman1984classification,
  title={Classification and Regression Trees},
  author={Breiman, L. and Friedman, J. and Stone, C.J. and Olshen, R.A.},
  isbn={9780412048418},
  lccn={83019708},
  series={The Wadsworth and Brooks-Cole statistics-probability series},
  url={https://books.google.de/books?id=JwQx-WOmSyQC},
  year={1984},
  publisher={Taylor \& Francis}
}
@article{breiman1996bagging,
title = {Bagging Predictors},
author = {Breiman, Leo},
journal={Machine learning},
volume={24},
pages={123--140},
year = {1996},
url = {https://doi.org/10.1023/A:1018054314350}
}
@article{Breiman1996OUT-OF-BAG-E,
  title={OUT-OF-BAG ESTIMATION},
  author={Leo Breiman},
  year={1996}
}
@article{breiman2001random,
  title={Random forests},
  author={Breiman, Leo},
  journal={Machine learning},
  volume={45},
  number={1},
  pages={5--32},
  year={2001},
  publisher={Springer}
}
@article{breiman2004consistency,
  title={Consistency for a simple model of random forests},
  author={Breiman, Leo},
  year={2004},
  publisher={Citeseer}
}
@article{biau2012analysis,
  title={Analysis of a random forests model},
  author={Biau, G{\~A}{\v{S}}rard},
  journal={Journal of Machine Learning Research},
  volume={13},
  number={Apr},
  pages={1063--1095},
  year={2012}
}
@article{CGV-035,
url = {http://dx.doi.org/10.1561/0600000035},
year = {2012},
volume = {7},
pages = {105--128},
journal = {Foundations and Trends® in Computer Graphics and Vision},
title = {Decision Forests: A Unified Framework for Classification, Regression, Density Estimation, Manifold Learning and Semi-Supervised Learning},
doi = {10.1561/0600000035},
issn = {1572-2740},
number = {2–3},
pages = {81-227},
author = {Antonio Criminisi and Jamie Shotton and Ender Konukoglu}
}
@book{criminisi2012decision,
author = {Criminisi, Antonio and Shotton, Jamie and Konukoglu, Ender},
title = {Decision Forests: A Unified Framework for Classification, Regression, Density Estimation, Manifold Learning and Semi-Supervised Learning},
booktitle = {Foundations and Trends® in Computer Graphics and Vision},
year = {2012},
month = {January},
publisher = {NOW Publishers},
url = {https://www.microsoft.com/en-us/research/publication/decision-forests-a-unified-framework-for-classification-regression-density-estimation-manifold-learning-and-semi-supervised-learning/},
pages = {81-227},
volume = {7},
edition = {Foundations and Trends® in Computer Graphics and Vision: Vol. 7: No 2-3, pp 81-227},
number = {2-3},
}
@inproceedings{denil2014narrowing,
  title={Narrowing the gap: Random forests in theory and in practice},
  author={Denil, Misha and Matheson, David and De Freitas, Nando},
  booktitle={International conference on machine learning},
  pages={665--673},
  year={2014}
}
@article{domingos2000decomposition,
  author    = {Pedro M. Domingos},
  title     = {A Unified Bias-Variance Decomposition for Zero-One and Squared Loss},
  year      = {2000},
  url       = {http://www.aaai.org/Library/AAAI/2000/aaai00-086.php},
}
@article{freund1997boosting,
author = {Freund, Yoav and Schapire, Robert E},
title = {A Decision-Theoretic Generalization of On-Line Learning and an Application to Boosting},
year = {1997},
url = {https://doi.org/10.1006/jcss.1997.1504},
}
@article{friedman1997zeroLoss,
  author={Jerome H. Friedman},
  title={On Bias, Variance, 0/1—Loss, and the Curse-of-Dimensionality},
  year={1997},
  url={https://link.springer.com/article/10.1023/A:1009778005914},
}
@book{friedman2001elements,
  title={The elements of statistical learning},
  author={Friedman, Jerome and Hastie, Trevor and Tibshirani, Robert},
  volume={1},
  number={10},
  year={2001},
  publisher={Springer series in statistics New York}
}
@article{gerard2016foresttour,
  TITLE = {A random forest guided tour},
  AUTHOR = {Biau, Gerard and Scornet, Erwan},
  URL = {https://hal.sorbonne-universite.fr/hal-01307105},
  JOURNAL = {{Test}},
  PUBLISHER = {{Spanish Society of Statistics and Operations Research/Springer}},
  PAGES = {1-31},
  YEAR = {2016},
}
@article{geman1992neural,
  title={Neural networks and the bias/variance dilemma},
  author={Geman, Stuart and Bienenstock, Elie and Doursat, Ren{\'e}},
  journal={Neural computation},
  volume={4},
  number={1},
  pages={1--58},
  year={1992},
  publisher={MIT Press}
}
@phdthesis{geurts2002contributions,
  title={Contributions to Decision Tree induction: bias/variance tradeoff and time series classification},
  author={Geurts, Pierre},
  year={2002},
  school={University of Li{\`e}ge Belgium}
}
@misc{githubApplication,
    title = {Research Module Application},
    url = {https://github.com/RaRedmer/Research_Module_Application}    
}
@article{ishwaran2007variable,
  title={Variable importance in binary regression trees and forests},
  author={Ishwaran, Hemant and others},
  journal={Electronic Journal of Statistics},
  volume={1},
  pages={519--537},
  year={2007},
  publisher={The Institute of Mathematical Statistics and the Bernoulli Society}
}
@article{james2003variance,
  title={Variance and bias for general loss functions},
  author={James, Gareth M},
  journal={Machine learning},
  volume={51},
  number={2},
  pages={115--135},
  year={2003},
  publisher={Springer}
}
@book{James2013,
  author = {James, Gareth and Witten, Daniela and Hastie, Trevor and Tibshirani, Robert},
  publisher = {Springer},
  timestamp = {2019-10-12T23:45:37.000+0200},
  title = {An Introduction to Statistical Learning: with Applications in R },
  url = {https://faculty.marshall.usc.edu/gareth-james/ISL/},
  year = {2013}
}
@Misc{kaggle2017,
  author={Kaggle},
  title={Sberbank Russian Housing Market},
  year={2017},
  publisher={Kaggle Website},
  Note={https://www.kaggle.com/c/sberbank-russian-housing-market/overview}
}
@inproceedings{kohavi1996bias,
  title={Bias plus variance decomposition for zero-one loss functions},
  author={Kohavi, Ron and Wolpert, David H and others},
  booktitle={ICML},
  volume={96},
  pages={275--83},
  year={1996}
}
@article{kohavi1997importance,
	author = {Kohavi, Ron and John, George H.},
	title = {Wrappers for Feature Subset Selection},
	year = {1997},
	issue_date = {December 1997},
	publisher = {Elsevier Science Publishers Ltd.},
	address = {GBR},
	volume = {97},
	number = {1–2},
	issn = {0004-3702},
	url = {https://doi.org/10.1016/S0004-3702(97)00043-X},
	doi = {10.1016/S0004-3702(97)00043-X},
	journal = {Artif. Intell.},
	month = dec,
	pages = {273–324},
	numpages = {52},
	keywords = {feature seleciton, wrapper, filter, classification}
}
@techreport{lee2019bootstrap,
  title={Bootstrap Aggregating and Random Forest},
  author={Lee, Tae-Hwy and Ullah, Aman and Wang, Ran and others},
  year={2019}
}
@article{louppe2014understanding,
  title={Understanding random forests},
  author={Louppe, Gilles},
  journal={University of Li{\`e}ge},
  year={2014}
}
@inproceedings{louppe2013understanding,
  title={Understanding variable importances in forests of randomized trees},
  author={Louppe, Gilles and Wehenkel, Louis and Sutera, Antonio and Geurts, Pierre},
  booktitle={Advances in neural information processing systems},
  pages={431--439},
  year={2013}
}
@article{maimon2005data,
  title={Data mining and knowledge discovery handbook},
  author={Maimon, Oded and Rokach, Lior},
  year={2005},
  publisher={Springer}
}
@misc{scikitTree,
  author = {scikit-learn developers},
  title = {1.10. Decision Trees},
  year = 2019,
  url = {https://scikit-learn.org/stable/modules/tree.html},
  urldate = {2019-12-02}
}
@article{scikit2011learn,
 title={Scikit-learn: Machine Learning in {P}ython},
 author={Pedregosa, F. and Varoquaux, G. and Gramfort, A. and Michel, V.
         and Thirion, B. and Grisel, O. and Blondel, M. and Prettenhofer, P.
         and Weiss, R. and Dubourg, V. and Vanderplas, J. and Passos, A. and
         Cournapeau, D. and Brucher, M. and Perrot, M. and Duchesnay, E.},
 journal={Journal of Machine Learning Research},
 volume={12},
 pages={2825--2830},
 year={2011}
}
@misc{titanicData,
    title = {Titanic: Machine Learning from Disaster},
    url = {https://www.kaggle.com/c/titanic/data}
}
@article{varian2014big,
  title={Big data: New tricks for econometrics},
  author={Varian, Hal R},
  journal={Journal of Economic Perspectives},
  volume={28},
  number={2},
  pages={3--28},
  year={2014}
}
@incollection{wolpert2018relationship,
  title={The relationship between PAC, the statistical physics framework, the Bayesian framework, and the VC framework},
  author={Wolpert, David H},
  booktitle={The mathematics of generalization},
  pages={117--214},
  year={2018},
  publisher={CRC Press}
}
@book{zhou2012ensemble,
  title={Ensemble methods: foundations and algorithms},
  author={Zhou, Zhi-Hua},
  year={2012},
  publisher={Chapman and Hall/CRC}
}
